<?xml version="1.0" encoding="UTF-8"?><collection xmlns="http://www.loc.gov/MARC21/slim"><record><leader>00347nam--2200121-i-4500</leader><controlfield tag="001">000026999</controlfield><controlfield tag="002">20161230</controlfield><controlfield tag="005">20161230201036</controlfield><controlfield tag="008">060222s1000------------r-----000-0-eng-d</controlfield><datafield ind1=" " ind2=" " tag="245"><subfield code="a">Extractive and physical metallurgy of plutonium and its alloys</subfield></datafield><datafield ind1=" " ind2=" " tag="260"><subfield code="a">New York, Interscience Publishers, 1960. X + 314p</subfield></datafield><datafield ind1=" " ind2=" " tag="700"><subfield code="a">Wilkinson, W.D</subfield></datafield><datafield ind1=" " ind2=" " tag="852"><subfield code="a">10664</subfield></datafield></record></collection>